@article{koren2009matrix,
  title={Matrix factorization techniques for recommender systems},
  author={Koren, Yehuda and Bell, Robert and Volinsky, Chris},
  journal={IEEE Computer},
  volume={42},
  number={8},
  pages={30--37},
  year={2009}
}

@article{palmisano2008using,
  title={Using context to improve predictive modeling of customers in personalization applications},
  author={Palmisano, Cosimo and Tuzhilin, Alexander and Gorgoglione, Michele},
  journal={Knowledge and Data Engineering, IEEE Transactions on},
  volume={20},
  number={11},
  pages={1535--1549},
  year={2008},
  publisher={IEEE}
}

@incollection{adomavicius2011context,
  title={Context-aware recommender systems},
  author={Adomavicius, Gediminas and Tuzhilin, Alexander},
  booktitle={Recommender systems handbook},
  pages={217--253},
  year={2011},
  publisher={Springer}
}

@inproceedings{karatzoglou2010multiverse,
  title={Multiverse recommendation: n-dimensional tensor factorization for context-aware collaborative filtering},
  author={Karatzoglou, Alexandros and Amatriain, Xavier and Baltrunas, Linas and Oliver, Nuria},
  booktitle={RecSys},
  pages={79--86},
  year={2010}
}

@inproceedings{liu2013soco,
  title={SoCo: a social network aided context-aware recommender system},
  author={Liu, Xin and Aberer, Karl},
  booktitle={WWW},
  pages={781--802},
  year={2013}
}

@inproceedings{rendle2011fast,
  title={Fast context-aware recommendations with factorization machines},
  author={Rendle, Steffen and Gantner, Zeno and Freudenthaler, Christoph and Schmidt-Thieme, Lars},
  booktitle={SIGIR},
  pages={635--644},
  year={2011}
}

@inproceedings{jamali2013heteromf,
  title={HeteroMF: recommendation in heterogeneous information networks using context dependent factor models},
  author={Jamali, Mohsen and Lakshmanan, Laks},
  booktitle={WWW},
  pages={643--654},
  year={2013}
}

@inproceedings{shi2014cars,
 title = {CARS2: Learning Context-aware Representations for Context-aware Recommendations},
 author = {Shi, Yue and Karatzoglou, Alexandros and Baltrunas, Linas and Larson, Martha and Hanjalic, Alan},
 booktitle = {CIKM},
 year = {2014},
 pages = {291--300}
}

@inproceedings{liu2015cot,
 title = {COT: Contextual Operating Tensor for Context-aware Recommender Systems},
 author = {Liu, Qiang and Wu, Shu and Wang, Liang},
 booktitle = {AAAI},
 year = {2015},
 pages={203--209}
}

@inproceedings{liu2015collaborative,
  title={Collaborative Prediction for Multi-entity Interaction With Hierarchical Representation},
  author={Liu, Qiang and Wu, Shu and Wang, Liang},
  booktitle={CIKM},
  pages={613-622},
  year={2015}
}

@inproceedings{shi2012tfmap,
 author = {Shi, Yue and Karatzoglou, Alexandros and Baltrunas, Linas and Larson, Martha and Hanjalic, Alan and Oliver, Nuria},
 title = {TFMAP: Optimizing MAP for Top-n Context-aware Recommendation},
 booktitle = {SIGIR},
 year = {2012},
 pages = {155--164}
}

@article{campos2014time,
  title={Time-aware recommender systems: a comprehensive survey and analysis of existing evaluation protocols},
  author={Campos, Pedro G and D{\'\i}ez, Fernando and Cantador, Iv{\'a}n},
  journal={UMUAI},
  volume={24},
  number={1-2},
  pages={67--119},
  year={2014}
}

@inproceedings{ding2005time,
  title={Time weight collaborative filtering},
  author={Ding, Yi and Li, Xue},
  booktitle={CIKM},
  pages={485--492},
  year={2005}
}

@inproceedings{lathia2009temporal,
  title={Temporal collaborative filtering with adaptive neighbourhoods},
  author={Lathia, Neal and Hailes, Stephen and Capra, Licia},
  booktitle={SIGIR},
  pages={796--797},
  year={2009}
}

@inproceedings{liu2010online,
  title={Online evolutionary collaborative filtering},
  author={Liu, Nathan N and Zhao, Min and Xiang, Evan and Yang, Qiang},
  booktitle={RecSys},
  pages={95--102},
  year={2010}
}

@inproceedings{mobasher2002using,
  title={Using sequential and non-sequential patterns in predictive web usage mining tasks},
  author={Mobasher, Bamshad and Dai, Honghua and Luo, Tao and Nakagawa, Miki},
  booktitle={ICDM},
  pages={669--672},
  year={2002}
}

@inproceedings{hariri2012context,
  title={Context-aware music recommendation based on latenttopic sequential patterns},
  author={Hariri, Negar and Mobasher, Bamshad and Burke, Robin},
  booktitle={RecSys},
  pages={131--138},
  year={2012}
}

@inproceedings{xiong2010temporal,
  title={Temporal Collaborative Filtering with Bayesian Probabilistic Tensor Factorization.},
  author={Xiong, Liang and Chen, Xi and Huang, Tzu-Kuo and Schneider, Jeff G and Carbonell, Jaime G},
  booktitle={SDM},
  pages={211--222},
  year={2010}
}

@article{koren2010collaborative,
  title={Collaborative filtering with temporal dynamics},
  author={Koren, Yehuda},
  journal={Communications of the ACM},
  volume={53},
  number={4},
  pages={89--97},
  year={2010}
}

@inproceedings{bahadori2014fast,
  title={Fast Multivariate Spatio-temporal Analysis via Low Rank Tensor Learning},
  author={Bahadori, Mohammad Taha and Yu, Qi Rose and Liu, Yan},
  booktitle={NIPS},
  pages={3491--3499},
  year={2014}
}

@inproceedings{yang2010personalizing,
  title={Personalizing Web page recommendation via collaborative filtering and topic-aware Markov Model},
  author={Yang, Qingyan and Fan, Ju and Wang, Jianyong and Zhou, Lizhu},
  booktitle={ICDM},
  pages={1145--1150},
  year={2010}
}

@inproceedings{rendle2010factorizing,
  title={Factorizing personalized markov chains for next-basket recommendation},
  author={Rendle, Steffen and Freudenthaler, Christoph and Schmidt-Thieme, Lars},
  booktitle={WWW},
  pages={811--820},
  year={2010}
}

@inproceedings{natarajan2013app,
  title={Which app will you use next?: Collaborative filtering with interactional context},
  author={Natarajan, Nagarajan and Shin, Donghyuk and Dhillon, Inderjit S},
  booktitle={RecSys},
  pages={201--208},
  year={2013}
}

@inproceedings{cheng2013you,
  title={Where you like to go next: Successive point-of-interest recommendation},
  author={Cheng, Chen and Yang, Haiqin and Lyu, Michael R and King, Irwin},
  booktitle={IJCAI},
  pages={2605--2611},
  year={2013}
}

@inproceedings{chen2015personalized,
  title={A Personalized Interest-Forgetting Markov Model for Recommendations},
  author={Chen, Jun and Wang, Chaokun and Wang, Jianmin},
  booktitle={AAAI},
  pages={16--22},
  year={2015}
}

@inproceedings{kapoor2015just,
  title={Just in Time Recommendations: Modeling the Dynamics of Boredom in Activity Streams},
  author={Kapoor, Komal and Subbian, Karthik and Srivastava, Jaideep and Schrater, Paul},
  booktitle={WSDM},
  pages={233--242},
  year={2015}
}

@inproceedings{zhang2014sequential,
  title={Sequential Click Prediction for Sponsored Search with Recurrent Neural Networks},
  author={Zhang, Yuyu and Dai, Hanjun and Xu, Chang and Feng, Jun and Wang, Taifeng and Bian, Jiang and Wang, Bin and Liu, Tie-Yan},
  booktitle={AAAI},
 pages = {1369--1376},
  year={2014}
}

@inproceedings{mikolov2010recurrent,
  title={Recurrent neural network based language model.},
  author={Mikolov, Tomas and Karafi{\'a}t, Martin and Burget, Lukas and Cernock{\`y}, Jan and Khudanpur, Sanjeev},
  booktitle={INTERSPEECH},
  pages={1045--1048},
  year={2010}
}

@inproceedings{mikolov2011extensions,
  title={Extensions of recurrent neural network language model},
  author={Mikolov, Tomas and Kombrink, Stefan and Burget, Lukas and Cernocky, Jan H and Khudanpur, Sanjeev},
  booktitle={ICASSP},
  pages={5528--5531},
  year={2011}
}

@inproceedings{mikolov2011rnnlm,
  title={RNNLM-Recurrent neural network language modeling toolkit},
  author={Mikolov, Tomas and Kombrink, Stefan and Deoras, Anoop and Burget, Lukar and Cernocky, Jan},
  booktitle={ASRU Workshop},
  pages={196--201},
  year={2011}
}

@article{bengio2003neural,
  title={A neural probabilistic language model},
  author={Bengio, Yoshua and Ducharme, R{\'e}jean and Vincent, Pascal and Janvin, Christian},
  journal={JMLR},
  volume={3},
  pages={1137--1155},
  year={2003}
}

@inproceedings{rendle2009bpr,
  title={BPR: Bayesian personalized ranking from implicit feedback},
  author={Rendle, Steffen and Freudenthaler, Christoph and Gantner, Zeno and Schmidt-Thieme, Lars},
  booktitle={UAI},
  pages={452--461},
  year={2009}
}

@article{rumelhart1988learning,
  title={Learning representations by back-propagating errors},
  author={Rumelhart, David E and Hinton, Geoffrey E and Williams, Ronald J},
  journal={Cognitive modeling},
  volume={5},
  pages={3},
  year={1988}
}

@inproceedings{wang2015learning,
 title = {Learning Hierarchical Representation Model for Next Basket Recommendation},
 author = {Wang, Pengfei and Guo, Jiafeng and Lan, Yanyan and Xu, Jun and Wan, Shengxian and Cheng, Xueqi},
 booktitle = {SIGIR},
 pages = {403--412},
 year = {2015}
}

@inproceedings{feng2015personalized,
  title={Personalized ranking metric embedding for next new POI recommendation},
  author={Feng, Shanshan and Li, Xutao and Zeng, Yifeng and Cong, Gao and Chee, Yeow Meng and Yuan, Quan},
  booktitle={IJCAI},
  pages={2069--2075},
  year={2015}
}

@inproceedings{liu2016strnn,
 title = {Predicting the Next Location: A Recurrent Model with Spatial and Temporal Contexts},
 author = {Liu, Qiang and Wu, Shu and Wang, Liang and Tan, Tieniu},
 booktitle={AAAI},
 year = {2016}
}

@inproceedings{yu2016dream,
 title = {A Dynamic Recurrent Model for Next Basket Recommendation},
 author = {Yu, Feng and Qiang, Liu and Wu, Shu and Wang, Liang and Tan, Tieniu},
 booktitle={SIGIR},
 year = {2016}
}
